@article{Dall'Acqua,
  title = {Life Cycle Inventories for the Production of Detergent Ingredients},
  author = {Dall’Acqua, Silvio and Fawer, Matthias and Fritschi, Renato and Allenspach, Caroline},
  date = {1999},
  journaltitle = {The international journal of life cycle assessment},
  volume = {4},
  number = {4},
  pages = {212--212},
  publisher = {{Springer Nature B.V}},
  location = {{Dordrecht}},
  issn = {0948-3349},
  copyright = {Ecomed Publishers 1999},
  langid = {english}
}

@article{enzyme,
  title = {Enzyme für Waschmittel},
  author = {Rähse, Wilfried},
  date = {2012},
  journaltitle = {Chemie ingenieur technik},
  volume = {84},
  number = {12},
  pages = {2152--2163},
  publisher = {{WILEY-VCH Verlag}},
  location = {{Weinheim}},
  issn = {0009-286X},
  langid = {german},
  keywords = {Bacillus licheniformis,Detergent,Enzyme,Product design,Produktdesign,Protein Engineering,Waschmittel}
}

@article{OxygenBleachingSystems,
  title = {Oxygen Bleaching Systems in Domestic Laundry},
  author = {Milne, Neal J.},
  date = {1998},
  journaltitle = {Journal of surfactants and detergents},
  volume = {1},
  number = {2},
  pages = {253--261},
  publisher = {{Springer-Verlag}},
  location = {{Berlin/Heidelberg}},
  issn = {1097-3958},
  abstract = {The oxidative bleaching process plays a key role in removing unwanted stains from laundry. This review covers methods of generation of active oxygen bleaching species, their activation and application. In addition, the requirements for commercially acceptable oxygen bleach products are discussed.},
  copyright = {1998 American Oil Chemists' Society (AOCS)},
  langid = {english},
  keywords = {Activator,bleaching,hydrogen peroxide,laundry,oxidative,peracid,perborate,percarbonate,TAED}
}

@book{WaschmittelFürAlle,
  title = {Waschmittel : Aufgaben in Hygiene und Umwelt ; für Mediziner, Chemiker, Biologen, Umweltforscher, Technologen, Hausfrauen und Hausmänner ; mit 23 Tabellen},
  author = {Stache, Helmut},
  date = {1992},
  edition = {2., aktualisierte Aufl..},
  publisher = {{Springer}},
  location = {{Berlin [u.a.]}},
  isbn = {0-387-55324-X},
  langid = {german},
  keywords = {Waschmittel}
}

@book{WaschmittelWagner,
  title = {Waschmittel : Chemie, Umwelt, Nachhaltigkeit},
  author = {Wagner, Günter},
  date = {2010},
  edition = {4. vollst. überarb. u. erw. Auflage.},
  publisher = {{Wiley-VCH Verlag GmbH \& Co. KGaA}},
  location = {{Weinheim}},
  isbn = {978-3-527-63540-5},
  langid = {german},
  keywords = {Washing powders}
}

@misc{MairhoferKatrin2019WmdF,
  title = {Weg mit dem Fleck : Inhaltsstoffe synthetischer Waschmittel unter besonderer Berücksichtigung von Bleichmittel},
  author = {Mairhofer, Katrin},
  date = {2019},
  abstract = {ger: Diese Diplomarbeit beschäftigt sich hauptsächlich mit Waschmitteln, insbesondere mit Bleichmitteln, die dafür verantwortlich sind, dass man farbige Flecken aus Textilien entfernen kann. Neben den altbewährten Hausmitteln und Waschmitteln wird auch auf neuere Forschungserkenntnisse Bezug genommen. Prinzipiell gibt diese Arbeit einerseits einen Einblick in die Inhaltsstoffe der Waschmittel, deren unterschiedlichen Typen und andererseits beschäftigt sie sich auch mit farbigen Substanzen und dem Grund ihrer Farbigkeit. Einen Schwerpunkt bilden vor allem die eingesetzten Bleichmittel, die weltweit gesehen entweder auf Sauerstoffbasis oder Chlorbasis vorkommen können. Mittels einer Versuchsreihe mit unterschiedlichen Vorbehandlungsmethoden, um farbige Flecken zu entfernen, werden mögliche Alternativen zu den Bleichmitteln aufgezeigt. Des Weiteren werden Modellversuche herangezogen, die auf den neuen Lehrplan und deren didaktischen Prinzipien abgestimmt sind.},
  langid = {german},
  keywords = {Hochschulschrift}
}
